<?xml version="1.0" encoding="UTF-8"?><collection xmlns="http://www.loc.gov/MARC21/slim"><record><leader>00381nam--2200133-i-4500</leader><controlfield tag="001">000007428</controlfield><controlfield tag="002">20161230</controlfield><controlfield tag="005">20161230201027</controlfield><controlfield tag="008">060222s1000------------r-----000-0-eng-d</controlfield><datafield ind1=" " ind2=" " tag="100"><subfield code="a">Chestnut, Harold</subfield></datafield><datafield ind1=" " ind2=" " tag="245"><subfield code="a">Systems engineering tools</subfield></datafield><datafield ind1=" " ind2=" " tag="260"><subfield code="a">New York, John Wiley &amp; Sons, Inc., 1965. Xiv + 646 P</subfield></datafield><datafield ind1=" " ind2=" " tag="490"><subfield code="a">Wiley Series On Systems Engineering And Analys Is</subfield></datafield><datafield ind1=" " ind2=" " tag="852"><subfield code="a">22391</subfield></datafield></record></collection>